
@article{baio2010bayesian,
  title={Bayesian hierarchical model for the prediction of football results},
  author={Baio, Gianluca and Blangiardo, Marta},
  journal={Journal of Applied Statistics},
  volume={37},
  number={2},
  pages={253--264},
  year={2010},
  publisher={Taylor \& Francis}
}

@book{albert2005anthology,
  title={Anthology of statistics in sports},
  author={Albert, Jim and Bennett, Jay and Cochran, James J},
  volume={16},
  year={2005},
  publisher={SIAM}
}

@article{lee1997modeling,
  title={Modeling scores in the Premier League: is {M}anchester {U}nited really the best?},
  author={Lee, Alan J},
  journal={Chance},
  volume={10},
  number={1},
  pages={15--19},
  year={1997},
  publisher={Taylor \& Francis Group}
}

@article{rue2000prediction,
  title={Prediction and retrospective analysis of soccer matches in a league},
  author={Rue, Havard and Salvesen, Oyvind},
  journal={Journal of the Royal Statistical Society: Series D (The Statistician)},
  volume={49},
  number={3},
  pages={399--418},
  year={2000},
  publisher={Wiley Online Library}
}

@Article{bradley1952rank,
  title={Rank analysis of incomplete block designs. I. The method of paired comparisons},
  author={Bradley, R. and Terry, M.},
  journal={Biometrika},
  volume={39},
  pages={324--345},
  year={1952}
}

@Article{agresti1990categorical,
  title={Categorical Data Analysis},
  author={Agresti, A.},
  year={1990},
  publisher={Wiley}
}

@Article{rao1967ties,
  title={Ties in paired-comparison experiments: A generalization of the Bradley-Terry model},
  author={Rao, P. and Kupper, L.},
  journal={Journal of the American Statistical Association},
  volume={62},
  pages={194--204},
  year={1967}
}

@Article{plackett1975the,
  title={The analysis of permutations},
  author={Plackett, R.},
  journal={Applied Statistics},
  volume={24},
  pages={193--202},
  year={1975}
}

@Article{luce1959individual,
  title={Individual choice behavior: A theoretical analysis},
  author={Luce, R.},
  year={1959},
  publisher={Wiley}
}

@Article{huang2006generalized,
  title={Generalzied Bradley-Terry models and multi-class probability estimates},
  author={Huang, T.-K., Weng, R., and Lin, C.-J.},
  journal={Journal of Machine Learning Research},
  volume={7},
  pages={85--115},
  year={2006}
}

@Article{zermelo1929die,
  title={Die berechnung der turnier-ergebnisse als ein maximum problem der wahrscheinlichkeitsrechnung},
  author={Zermelo, E.},
  journal={Math. Z.},
  volume={29},
  pages={436--460},
  year={1929}
}

@Article{lange2000opt,
  title={Optimization transfer using surrogate objective functions(with discussion)},
  author={Lange, K., Hunter, D. and Yang, I.},
  journal={Journal of Computational and Graphical Statistics},
  volume={9},
  pages={1--59},
  year={2000}
}

@Article{hunter2004mm,
  title={MM algorithms for generalzied Bradley-Terry models},
  author={Hunter, D.},
  journal={The Annals of Statistics},
  volume={32},
  pages={384--406},
  year={2004}
}

@Article{guiver2009bayesian,
  title={Bayesian inference for Plackett-Luce ranking models},
  author={Guiver, J. and Snelson, E.},
  journal={International Conference on Machine Learning},
  year={2009}
}

@Article{gormley2009a,
  title={A grade of membership model for rank data},
  author={Gormley, I. and Murphy, T.},
  journal={Bayesian Analisis},
  volume={4},
  pages={265--296},
  year={2009}
}

@Article{caron2012efficient,
  title={Efficient Bayesian Inference for Generalized Bradley-Terry Models},
  author={Caron, F. and Doucet, A.},
  journal={Journal of Computational and Graphical tatistics},
  volume={21},
  pages={174--196},
  year={2012}
}


@book{Hoff,
  title={A first course in Bayesian statistical methods},
  author={Hoff, Peter D},
  year={2009},
  publisher={Springer}
}
